%YAML 1.1
%TAG !u! tag:unity3d.com,2011:
--- !u!1 &407723460293389484
GameObject:
  m_ObjectHideFlags: 0
  m_CorrespondingSourceObject: {fileID: 0}
  m_PrefabInstance: {fileID: 0}
  m_PrefabAsset: {fileID: 0}
  serializedVersion: 6
  m_Component:
  - component: {fileID: 6937830189401818785}
  - component: {fileID: 7467056450340091781}
  - component: {fileID: 100394742130352809}
  - component: {fileID: 2379420654577708310}
  - component: {fileID: 2637337328244927179}
  m_Layer: 0
  m_Name: Soporte
  m_TagString: Weak
  m_Icon: {fileID: 0}
  m_NavMeshLayer: 0
  m_StaticEditorFlags: 0
  m_IsActive: 1
--- !u!4 &6937830189401818785
Transform:
  m_ObjectHideFlags: 0
  m_CorrespondingSourceObject: {fileID: 0}
  m_PrefabInstance: {fileID: 0}
  m_PrefabAsset: {fileID: 0}
  m_GameObject: {fileID: 407723460293389484}
  m_LocalRotation: {x: -0.70710677, y: 0.000000029802315, z: -0.70710677, w: -0.000000029802315}
  m_LocalPosition: {x: -0.026788294, y: -0.38655186, z: -27.804783}
  m_LocalScale: {x: 5, y: 5, z: 5}
  m_ConstrainProportionsScale: 0
  m_Children: []
  m_Father: {fileID: 4413276737525541403}
  m_RootOrder: 3
  m_LocalEulerAnglesHint: {x: 0, y: 0, z: 0}
--- !u!33 &7467056450340091781
MeshFilter:
  m_ObjectHideFlags: 0
  m_CorrespondingSourceObject: {fileID: 0}
  m_PrefabInstance: {fileID: 0}
  m_PrefabAsset: {fileID: 0}
  m_GameObject: {fileID: 407723460293389484}
  m_Mesh: {fileID: 10207, guid: 0000000000000000e000000000000000, type: 0}
--- !u!23 &100394742130352809
MeshRenderer:
  m_ObjectHideFlags: 0
  m_CorrespondingSourceObject: {fileID: 0}
  m_PrefabInstance: {fileID: 0}
  m_PrefabAsset: {fileID: 0}
  m_GameObject: {fileID: 407723460293389484}
  m_Enabled: 1
  m_CastShadows: 1
  m_ReceiveShadows: 1
  m_DynamicOccludee: 1
  m_StaticShadowCaster: 0
  m_MotionVectors: 1
  m_LightProbeUsage: 1
  m_ReflectionProbeUsage: 1
  m_RayTracingMode: 2
  m_RayTraceProcedural: 0
  m_RenderingLayerMask: 1
  m_RendererPriority: 0
  m_Materials:
  - {fileID: 2100000, guid: 41c2945ec431f8144b55d913efbb2e03, type: 2}
  m_StaticBatchInfo:
    firstSubMesh: 0
    subMeshCount: 0
  m_StaticBatchRoot: {fileID: 0}
  m_ProbeAnchor: {fileID: 0}
  m_LightProbeVolumeOverride: {fileID: 0}
  m_ScaleInLightmap: 1
  m_ReceiveGI: 1
  m_PreserveUVs: 0
  m_IgnoreNormalsForChartDetection: 0
  m_ImportantGI: 0
  m_StitchLightmapSeams: 1
  m_SelectedEditorRenderState: 3
  m_MinimumChartSize: 4
  m_AutoUVMaxDistance: 0.5
  m_AutoUVMaxAngle: 89
  m_LightmapParameters: {fileID: 0}
  m_SortingLayerID: 0
  m_SortingLayer: 0
  m_SortingOrder: 0
  m_AdditionalVertexStreams: {fileID: 0}
--- !u!135 &2379420654577708310
SphereCollider:
  m_ObjectHideFlags: 0
  m_CorrespondingSourceObject: {fileID: 0}
  m_PrefabInstance: {fileID: 0}
  m_PrefabAsset: {fileID: 0}
  m_GameObject: {fileID: 407723460293389484}
  m_Material: {fileID: 0}
  m_IsTrigger: 0
  m_Enabled: 1
  serializedVersion: 2
  m_Radius: 0.5
  m_Center: {x: 0, y: 0, z: 0}
--- !u!54 &2637337328244927179
Rigidbody:
  m_ObjectHideFlags: 0
  m_CorrespondingSourceObject: {fileID: 0}
  m_PrefabInstance: {fileID: 0}
  m_PrefabAsset: {fileID: 0}
  m_GameObject: {fileID: 407723460293389484}
  serializedVersion: 2
  m_Mass: 1
  m_Drag: 0
  m_AngularDrag: 0.05
  m_UseGravity: 1
  m_IsKinematic: 0
  m_Interpolate: 0
  m_Constraints: 0
  m_CollisionDetection: 0
--- !u!1 &1103047162719182486
GameObject:
  m_ObjectHideFlags: 0
  m_CorrespondingSourceObject: {fileID: 0}
  m_PrefabInstance: {fileID: 0}
  m_PrefabAsset: {fileID: 0}
  serializedVersion: 6
  m_Component:
  - component: {fileID: 7700261744166800584}
  - component: {fileID: 7088970356178616344}
  - component: {fileID: 8843553661227670774}
  - component: {fileID: 7099249409617968039}
  m_Layer: 0
  m_Name: Soporte Reflector (4)
  m_TagString: Untagged
  m_Icon: {fileID: 0}
  m_NavMeshLayer: 0
  m_StaticEditorFlags: 0
  m_IsActive: 1
--- !u!4 &7700261744166800584
Transform:
  m_ObjectHideFlags: 0
  m_CorrespondingSourceObject: {fileID: 0}
  m_PrefabInstance: {fileID: 0}
  m_PrefabAsset: {fileID: 0}
  m_GameObject: {fileID: 1103047162719182486}
  m_LocalRotation: {x: -0.7071068, y: -0.7071068, z: 0.000000059604645, w: -0.000000052154064}
  m_LocalPosition: {x: -0.7300022, y: 0, z: 1.4000015}
  m_LocalScale: {x: 0.2, y: 0.6000001, z: 0.6999998}
  m_ConstrainProportionsScale: 0
  m_Children: []
  m_Father: {fileID: 8408703047433571942}
  m_RootOrder: 3
  m_LocalEulerAnglesHint: {x: 0, y: 0, z: 90}
--- !u!33 &7088970356178616344
MeshFilter:
  m_ObjectHideFlags: 0
  m_CorrespondingSourceObject: {fileID: 0}
  m_PrefabInstance: {fileID: 0}
  m_PrefabAsset: {fileID: 0}
  m_GameObject: {fileID: 1103047162719182486}
  m_Mesh: {fileID: 10202, guid: 0000000000000000e000000000000000, type: 0}
--- !u!23 &8843553661227670774
MeshRenderer:
  m_ObjectHideFlags: 0
  m_CorrespondingSourceObject: {fileID: 0}
  m_PrefabInstance: {fileID: 0}
  m_PrefabAsset: {fileID: 0}
  m_GameObject: {fileID: 1103047162719182486}
  m_Enabled: 1
  m_CastShadows: 1
  m_ReceiveShadows: 1
  m_DynamicOccludee: 1
  m_StaticShadowCaster: 0
  m_MotionVectors: 1
  m_LightProbeUsage: 1
  m_ReflectionProbeUsage: 1
  m_RayTracingMode: 2
  m_RayTraceProcedural: 0
  m_RenderingLayerMask: 1
  m_RendererPriority: 0
  m_Materials:
  - {fileID: 2100000, guid: 41c2945ec431f8144b55d913efbb2e03, type: 2}
  m_StaticBatchInfo:
    firstSubMesh: 0
    subMeshCount: 0
  m_StaticBatchRoot: {fileID: 0}
  m_ProbeAnchor: {fileID: 0}
  m_LightProbeVolumeOverride: {fileID: 0}
  m_ScaleInLightmap: 1
  m_ReceiveGI: 1
  m_PreserveUVs: 0
  m_IgnoreNormalsForChartDetection: 0
  m_ImportantGI: 0
  m_StitchLightmapSeams: 1
  m_SelectedEditorRenderState: 3
  m_MinimumChartSize: 4
  m_AutoUVMaxDistance: 0.5
  m_AutoUVMaxAngle: 89
  m_LightmapParameters: {fileID: 0}
  m_SortingLayerID: 0
  m_SortingLayer: 0
  m_SortingOrder: 0
  m_AdditionalVertexStreams: {fileID: 0}
--- !u!65 &7099249409617968039
BoxCollider:
  m_ObjectHideFlags: 0
  m_CorrespondingSourceObject: {fileID: 0}
  m_PrefabInstance: {fileID: 0}
  m_PrefabAsset: {fileID: 0}
  m_GameObject: {fileID: 1103047162719182486}
  m_Material: {fileID: 0}
  m_IsTrigger: 0
  m_Enabled: 1
  serializedVersion: 2
  m_Size: {x: 1, y: 1, z: 1}
  m_Center: {x: 0, y: 0, z: 0}
--- !u!1 &1272441196359790164
GameObject:
  m_ObjectHideFlags: 0
  m_CorrespondingSourceObject: {fileID: 0}
  m_PrefabInstance: {fileID: 0}
  m_PrefabAsset: {fileID: 0}
  serializedVersion: 6
  m_Component:
  - component: {fileID: 8490171333061064}
  - component: {fileID: 8239152379474608489}
  - component: {fileID: 8429135943613917011}
  - component: {fileID: 6051746138277319365}
  m_Layer: 0
  m_Name: Reflector
  m_TagString: Untagged
  m_Icon: {fileID: 0}
  m_NavMeshLayer: 0
  m_StaticEditorFlags: 0
  m_IsActive: 1
--- !u!4 &8490171333061064
Transform:
  m_ObjectHideFlags: 0
  m_CorrespondingSourceObject: {fileID: 0}
  m_PrefabInstance: {fileID: 0}
  m_PrefabAsset: {fileID: 0}
  m_GameObject: {fileID: 1272441196359790164}
  m_LocalRotation: {x: 0.7071068, y: -0, z: -0, w: 0.7071068}
  m_LocalPosition: {x: -1.1800038, y: -0.010002232, z: 1.6100006}
  m_LocalScale: {x: 0.40000004, y: 0.6000001, z: 0.39999998}
  m_ConstrainProportionsScale: 0
  m_Children: []
  m_Father: {fileID: 8408703047433571942}
  m_RootOrder: 2
  m_LocalEulerAnglesHint: {x: 90, y: 0, z: 0}
--- !u!33 &8239152379474608489
MeshFilter:
  m_ObjectHideFlags: 0
  m_CorrespondingSourceObject: {fileID: 0}
  m_PrefabInstance: {fileID: 0}
  m_PrefabAsset: {fileID: 0}
  m_GameObject: {fileID: 1272441196359790164}
  m_Mesh: {fileID: 10206, guid: 0000000000000000e000000000000000, type: 0}
--- !u!23 &8429135943613917011
MeshRenderer:
  m_ObjectHideFlags: 0
  m_CorrespondingSourceObject: {fileID: 0}
  m_PrefabInstance: {fileID: 0}
  m_PrefabAsset: {fileID: 0}
  m_GameObject: {fileID: 1272441196359790164}
  m_Enabled: 1
  m_CastShadows: 1
  m_ReceiveShadows: 1
  m_DynamicOccludee: 1
  m_StaticShadowCaster: 0
  m_MotionVectors: 1
  m_LightProbeUsage: 1
  m_ReflectionProbeUsage: 1
  m_RayTracingMode: 2
  m_RayTraceProcedural: 0
  m_RenderingLayerMask: 1
  m_RendererPriority: 0
  m_Materials:
  - {fileID: 2100000, guid: 41c2945ec431f8144b55d913efbb2e03, type: 2}
  m_StaticBatchInfo:
    firstSubMesh: 0
    subMeshCount: 0
  m_StaticBatchRoot: {fileID: 0}
  m_ProbeAnchor: {fileID: 0}
  m_LightProbeVolumeOverride: {fileID: 0}
  m_ScaleInLightmap: 1
  m_ReceiveGI: 1
  m_PreserveUVs: 0
  m_IgnoreNormalsForChartDetection: 0
  m_ImportantGI: 0
  m_StitchLightmapSeams: 1
  m_SelectedEditorRenderState: 3
  m_MinimumChartSize: 4
  m_AutoUVMaxDistance: 0.5
  m_AutoUVMaxAngle: 89
  m_LightmapParameters: {fileID: 0}
  m_SortingLayerID: 0
  m_SortingLayer: 0
  m_SortingOrder: 0
  m_AdditionalVertexStreams: {fileID: 0}
--- !u!136 &6051746138277319365
CapsuleCollider:
  m_ObjectHideFlags: 0
  m_CorrespondingSourceObject: {fileID: 0}
  m_PrefabInstance: {fileID: 0}
  m_PrefabAsset: {fileID: 0}
  m_GameObject: {fileID: 1272441196359790164}
  m_Material: {fileID: 0}
  m_IsTrigger: 0
  m_Enabled: 1
  m_Radius: 0.50000036
  m_Height: 2
  m_Direction: 1
  m_Center: {x: -0.0000037550944, y: 0, z: -0.000003904106}
--- !u!1 &1286896794796425000
GameObject:
  m_ObjectHideFlags: 0
  m_CorrespondingSourceObject: {fileID: 0}
  m_PrefabInstance: {fileID: 0}
  m_PrefabAsset: {fileID: 0}
  serializedVersion: 6
  m_Component:
  - component: {fileID: 6950320084989052539}
  - component: {fileID: 1940908750588700005}
  - component: {fileID: 5096336221163429166}
  - component: {fileID: 7936928240469386068}
  - component: {fileID: 9073370895517145513}
  - component: {fileID: 6656367269893634702}
  - component: {fileID: 8645059888373845099}
  m_Layer: 0
  m_Name: Parte 1
  m_TagString: Untagged
  m_Icon: {fileID: 0}
  m_NavMeshLayer: 0
  m_StaticEditorFlags: 0
  m_IsActive: 1
--- !u!4 &6950320084989052539
Transform:
  m_ObjectHideFlags: 0
  m_CorrespondingSourceObject: {fileID: 0}
  m_PrefabInstance: {fileID: 0}
  m_PrefabAsset: {fileID: 0}
  m_GameObject: {fileID: 1286896794796425000}
  m_LocalRotation: {x: -0, y: -0, z: -0, w: 1}
  m_LocalPosition: {x: -45.700165, y: -2.6999145, z: -58.500084}
  m_LocalScale: {x: 1, y: 3, z: 1.1927624}
  m_ConstrainProportionsScale: 0
  m_Children: []
  m_Father: {fileID: 4413276737525541403}
  m_RootOrder: 0
  m_LocalEulerAnglesHint: {x: 0, y: 0, z: 0}
--- !u!114 &1940908750588700005
MonoBehaviour:
  m_ObjectHideFlags: 0
  m_CorrespondingSourceObject: {fileID: 0}
  m_PrefabInstance: {fileID: 0}
  m_PrefabAsset: {fileID: 0}
  m_GameObject: {fileID: 1286896794796425000}
  m_Enabled: 1
  m_EditorHideFlags: 0
  m_Script: {fileID: 11500000, guid: 8233d90336aea43098adf6dbabd606a2, type: 3}
  m_Name: 
  m_EditorClassIdentifier: 
  m_MeshFormatVersion: 2
  m_Faces:
  - m_Indexes: 04000000050000000300000005000000060000000300000000000000010000000b0000000b00000001000000020000000a0000000b000000020000000a0000000800000009000000080000000a00000007000000070000000a00000002000000070000000200000006000000060000000200000003000000
    m_SmoothingGroup: 0
    m_Uv:
      m_UseWorldSpace: 0
      m_FlipU: 0
      m_FlipV: 0
      m_SwapUV: 0
      m_Fill: 1
      m_Scale: {x: 1, y: 1}
      m_Offset: {x: 0, y: 0}
      m_Rotation: 0
      m_Anchor: 9
    m_Material: {fileID: 2100000, guid: 31321ba15b8f8eb4c954353edc038b1d, type: 2}
    m_SubmeshIndex: 0
    m_ManualUV: 0
    elementGroup: 0
    m_TextureGroup: -1
  - m_Indexes: 0e000000130000000f0000000f00000013000000170000001300000014000000170000001700000014000000150000001600000015000000140000001300000012000000140000001300000011000000120000001200000011000000100000000e0000000f0000000d0000000e0000000d0000000c000000
    m_SmoothingGroup: 0
    m_Uv:
      m_UseWorldSpace: 0
      m_FlipU: 0
      m_FlipV: 0
      m_SwapUV: 0
      m_Fill: 1
      m_Scale: {x: 1, y: 1}
      m_Offset: {x: 0, y: 0}
      m_Rotation: 0
      m_Anchor: 9
    m_Material: {fileID: 2100000, guid: 31321ba15b8f8eb4c954353edc038b1d, type: 2}
    m_SubmeshIndex: 0
    m_ManualUV: 0
    elementGroup: 0
    m_TextureGroup: -1
  - m_Indexes: 18000000190000001a000000190000001b0000001a000000
    m_SmoothingGroup: 0
    m_Uv:
      m_UseWorldSpace: 0
      m_FlipU: 0
      m_FlipV: 0
      m_SwapUV: 0
      m_Fill: 1
      m_Scale: {x: 1, y: 1}
      m_Offset: {x: 0, y: 0}
      m_Rotation: 0
      m_Anchor: 9
    m_Material: {fileID: 0}
    m_SubmeshIndex: 0
    m_ManualUV: 0
    elementGroup: -1
    m_TextureGroup: -1
  - m_Indexes: 1c0000001d0000001e0000001d0000001f0000001e000000
    m_SmoothingGroup: 0
    m_Uv:
      m_UseWorldSpace: 0
      m_FlipU: 0
      m_FlipV: 0
      m_SwapUV: 0
      m_Fill: 1
      m_Scale: {x: 1, y: 1}
      m_Offset: {x: 0, y: 0}
      m_Rotation: 0
      m_Anchor: 9
    m_Material: {fileID: 0}
    m_SubmeshIndex: 0
    m_ManualUV: 0
    elementGroup: -1
    m_TextureGroup: -1
  - m_Indexes: 200000002100000022000000210000002300000022000000
    m_SmoothingGroup: 0
    m_Uv:
      m_UseWorldSpace: 0
      m_FlipU: 0
      m_FlipV: 0
      m_SwapUV: 0
      m_Fill: 1
      m_Scale: {x: 1, y: 1}
      m_Offset: {x: 0, y: 0}
      m_Rotation: 0
      m_Anchor: 9
    m_Material: {fileID: 0}
    m_SubmeshIndex: 0
    m_ManualUV: 0
    elementGroup: -1
    m_TextureGroup: -1
  - m_Indexes: 240000002500000026000000250000002700000026000000
    m_SmoothingGroup: 0
    m_Uv:
      m_UseWorldSpace: 0
      m_FlipU: 0
      m_FlipV: 0
      m_SwapUV: 0
      m_Fill: 1
      m_Scale: {x: 1, y: 1}
      m_Offset: {x: 0, y: 0}
      m_Rotation: 0
      m_Anchor: 9
    m_Material: {fileID: 0}
    m_SubmeshIndex: 0
    m_ManualUV: 0
    elementGroup: -1
    m_TextureGroup: -1
  - m_Indexes: 28000000290000002a000000290000002b0000002a000000
    m_SmoothingGroup: 0
    m_Uv:
      m_UseWorldSpace: 0
      m_FlipU: 0
      m_FlipV: 0
      m_SwapUV: 0
      m_Fill: 1
      m_Scale: {x: 1, y: 1}
      m_Offset: {x: 0, y: 0}
      m_Rotation: 0
      m_Anchor: 9
    m_Material: {fileID: 0}
    m_SubmeshIndex: 0
    m_ManualUV: 0
    elementGroup: -1
    m_TextureGroup: -1
  - m_Indexes: 2c0000002d0000002e0000002d0000002f0000002e000000
    m_SmoothingGroup: 0
    m_Uv:
      m_UseWorldSpace: 0
      m_FlipU: 0
      m_FlipV: 0
      m_SwapUV: 0
      m_Fill: 1
      m_Scale: {x: 1, y: 1}
      m_Offset: {x: 0, y: 0}
      m_Rotation: 0
      m_Anchor: 9
    m_Material: {fileID: 0}
    m_SubmeshIndex: 0
    m_ManualUV: 0
    elementGroup: -1
    m_TextureGroup: -1
  - m_Indexes: 300000003100000032000000310000003300000032000000
    m_SmoothingGroup: 0
    m_Uv:
      m_UseWorldSpace: 0
      m_FlipU: 0
      m_FlipV: 0
      m_SwapUV: 0
      m_Fill: 1
      m_Scale: {x: 1, y: 1}
      m_Offset: {x: 0, y: 0}
      m_Rotation: 0
      m_Anchor: 9
    m_Material: {fileID: 0}
    m_SubmeshIndex: 0
    m_ManualUV: 0
    elementGroup: -1
    m_TextureGroup: -1
  - m_Indexes: 340000003500000036000000350000003700000036000000
    m_SmoothingGroup: 0
    m_Uv:
      m_UseWorldSpace: 0
      m_FlipU: 0
      m_FlipV: 0
      m_SwapUV: 0
      m_Fill: 1
      m_Scale: {x: 1, y: 1}
      m_Offset: {x: 0, y: 0}
      m_Rotation: 0
      m_Anchor: 9
    m_Material: {fileID: 0}
    m_SubmeshIndex: 0
    m_ManualUV: 0
    elementGroup: -1
    m_TextureGroup: -1
  - m_Indexes: 38000000390000003a000000390000003b0000003a000000
    m_SmoothingGroup: 0
    m_Uv:
      m_UseWorldSpace: 0
      m_FlipU: 0
      m_FlipV: 0
      m_SwapUV: 0
      m_Fill: 1
      m_Scale: {x: 1, y: 1}
      m_Offset: {x: 0, y: 0}
      m_Rotation: 0
      m_Anchor: 9
    m_Material: {fileID: 0}
    m_SubmeshIndex: 0
    m_ManualUV: 0
    elementGroup: -1
    m_TextureGroup: -1
  - m_Indexes: 3c0000003d0000003e0000003d0000003f0000003e000000
    m_SmoothingGroup: 0
    m_Uv:
      m_UseWorldSpace: 0
      m_FlipU: 0
      m_FlipV: 0
      m_SwapUV: 0
      m_Fill: 1
      m_Scale: {x: 1, y: 1}
      m_Offset: {x: 0, y: 0}
      m_Rotation: 0
      m_Anchor: 9
    m_Material: {fileID: 0}
    m_SubmeshIndex: 0
    m_ManualUV: 0
    elementGroup: -1
    m_TextureGroup: -1
  - m_Indexes: 400000004100000042000000410000004300000042000000
    m_SmoothingGroup: 0
    m_Uv:
      m_UseWorldSpace: 0
      m_FlipU: 0
      m_FlipV: 0
      m_SwapUV: 0
      m_Fill: 1
      m_Scale: {x: 1, y: 1}
      m_Offset: {x: 0, y: 0}
      m_Rotation: 0
      m_Anchor: 9
    m_Material: {fileID: 0}
    m_SubmeshIndex: 0
    m_ManualUV: 0
    elementGroup: -1
    m_TextureGroup: -1
  - m_Indexes: 440000004500000046000000450000004700000046000000
    m_SmoothingGroup: 0
    m_Uv:
      m_UseWorldSpace: 0
      m_FlipU: 0
      m_FlipV: 0
      m_SwapUV: 0
      m_Fill: 1
      m_Scale: {x: 1, y: 1}
      m_Offset: {x: 0, y: 0}
      m_Rotation: 0
      m_Anchor: 9
    m_Material: {fileID: 0}
    m_SubmeshIndex: 0
    m_ManualUV: 0
    elementGroup: -1
    m_TextureGroup: -1
  m_SharedVertices:
  - m_Vertices: 00000000260000002b000000
  - m_Vertices: 100000002400000029000000
  - m_Vertices: 01000000270000002e000000
  - m_Vertices: 11000000250000002c000000
  - m_Vertices: 020000002f00000046000000
  - m_Vertices: 130000002d00000044000000
  - m_Vertices: 030000001e00000047000000
  - m_Vertices: 0e0000001c00000045000000
  - m_Vertices: 040000001a0000001f000000
  - m_Vertices: 0c000000180000001d000000
  - m_Vertices: 050000001b00000022000000
  - m_Vertices: 0d0000001900000020000000
  - m_Vertices: 060000002300000042000000
  - m_Vertices: 0f0000002100000040000000
  - m_Vertices: 070000003e00000043000000
  - m_Vertices: 170000003c00000041000000
  - m_Vertices: 08000000360000003f000000
  - m_Vertices: 15000000340000003d000000
  - m_Vertices: 09000000370000003a000000
  - m_Vertices: 160000003500000038000000
  - m_Vertices: 0a000000320000003b000000
  - m_Vertices: 140000003000000039000000
  - m_Vertices: 0b0000002a00000033000000
  - m_Vertices: 120000002800000031000000
  m_SharedTextures: []
  m_Positions:
  - {x: 0, y: 2, z: 0}
  - {x: -11.528145, y: 2, z: 24.251436}
  - {x: -11.528145, y: 2, z: 40.81285}
  - {x: -4.4741974, y: 2, z: 58.60099}
  - {x: 12.814684, y: 2, z: 67.31284}
  - {x: 3.9931946, y: 2, z: 60.772873}
  - {x: 3.8065262, y: 2, z: 53.540535}
  - {x: 5.953377, y: 2, z: 47.099983}
  - {x: 12.393927, y: 2, z: 44.03306}
  - {x: 15.554136, y: 2, z: 44.18952}
  - {x: 5.0332947, y: 2, z: 38.512585}
  - {x: -2.030182, y: 2, z: 23.810692}
  - {x: 12.814684, y: 0, z: 67.31284}
  - {x: 3.9931946, y: 0, z: 60.772873}
  - {x: -4.4741974, y: 0, z: 58.60099}
  - {x: 3.8065262, y: 0, z: 53.540535}
  - {x: 0, y: 0, z: 0}
  - {x: -11.528145, y: 0, z: 24.251436}
  - {x: -2.030182, y: 0, z: 23.810692}
  - {x: -11.528145, y: 0, z: 40.81285}
  - {x: 5.0332947, y: 0, z: 38.512585}
  - {x: 12.393927, y: 0, z: 44.03306}
  - {x: 15.554136, y: 0, z: 44.18952}
  - {x: 5.953377, y: 0, z: 47.099983}
  - {x: 12.814684, y: 0, z: 67.31284}
  - {x: 3.9931946, y: 0, z: 60.772873}
  - {x: 12.814684, y: 2, z: 67.31284}
  - {x: 3.9931946, y: 2, z: 60.772873}
  - {x: -4.4741974, y: 0, z: 58.60099}
  - {x: 12.814684, y: 0, z: 67.31284}
  - {x: -4.4741974, y: 2, z: 58.60099}
  - {x: 12.814684, y: 2, z: 67.31284}
  - {x: 3.9931946, y: 0, z: 60.772873}
  - {x: 3.8065262, y: 0, z: 53.540535}
  - {x: 3.9931946, y: 2, z: 60.772873}
  - {x: 3.8065262, y: 2, z: 53.540535}
  - {x: 0, y: 0, z: 0}
  - {x: -11.528145, y: 0, z: 24.251436}
  - {x: 0, y: 2, z: 0}
  - {x: -11.528145, y: 2, z: 24.251436}
  - {x: -2.030182, y: 0, z: 23.810692}
  - {x: 0, y: 0, z: 0}
  - {x: -2.030182, y: 2, z: 23.810692}
  - {x: 0, y: 2, z: 0}
  - {x: -11.528145, y: 0, z: 24.251436}
  - {x: -11.528145, y: 0, z: 40.81285}
  - {x: -11.528145, y: 2, z: 24.251436}
  - {x: -11.528145, y: 2, z: 40.81285}
  - {x: 5.0332947, y: 0, z: 38.512585}
  - {x: -2.030182, y: 0, z: 23.810692}
  - {x: 5.0332947, y: 2, z: 38.512585}
  - {x: -2.030182, y: 2, z: 23.810692}
  - {x: 12.393927, y: 0, z: 44.03306}
  - {x: 15.554136, y: 0, z: 44.18952}
  - {x: 12.393927, y: 2, z: 44.03306}
  - {x: 15.554136, y: 2, z: 44.18952}
  - {x: 15.554136, y: 0, z: 44.18952}
  - {x: 5.0332947, y: 0, z: 38.512585}
  - {x: 15.554136, y: 2, z: 44.18952}
  - {x: 5.0332947, y: 2, z: 38.512585}
  - {x: 5.953377, y: 0, z: 47.099983}
  - {x: 12.393927, y: 0, z: 44.03306}
  - {x: 5.953377, y: 2, z: 47.099983}
  - {x: 12.393927, y: 2, z: 44.03306}
  - {x: 3.8065262, y: 0, z: 53.540535}
  - {x: 5.953377, y: 0, z: 47.099983}
  - {x: 3.8065262, y: 2, z: 53.540535}
  - {x: 5.953377, y: 2, z: 47.099983}
  - {x: -11.528145, y: 0, z: 40.81285}
  - {x: -4.4741974, y: 0, z: 58.60099}
  - {x: -11.528145, y: 2, z: 40.81285}
  - {x: -4.4741974, y: 2, z: 58.60099}
  m_Textures0:
  - {x: 0, y: 0}
  - {x: -11.528145, y: 24.251436}
  - {x: -11.528145, y: 40.81285}
  - {x: -4.4741974, y: 58.60099}
  - {x: 12.814684, y: 67.31284}
  - {x: 3.9931946, y: 60.772873}
  - {x: 3.8065262, y: 53.540535}
  - {x: 5.953377, y: 47.099983}
  - {x: 12.393927, y: 44.03306}
  - {x: 15.554136, y: 44.18952}
  - {x: 5.0332947, y: 38.512585}
  - {x: -2.030182, y: 23.810692}
  - {x: -12.814684, y: 67.31284}
  - {x: -3.9931946, y: 60.772873}
  - {x: 4.4741974, y: 58.60099}
  - {x: -3.8065262, y: 53.540535}
  - {x: 0, y: 0}
  - {x: 11.528145, y: 24.251436}
  - {x: 2.030182, y: 23.810692}
  - {x: 11.528145, y: 40.81285}
  - {x: -5.0332947, y: 38.512585}
  - {x: -12.393927, y: 44.03306}
  - {x: -15.554136, y: 44.18952}
  - {x: -5.953377, y: 47.099983}
  - {x: 50.382603, y: 0}
  - {x: 39.40126, y: 0}
  - {x: 50.382603, y: 2}
  - {x: 39.40126, y: 2}
  - {x: -22.374683, y: 0}
  - {x: -41.73448, y: 0}
  - {x: -22.374683, y: 2}
  - {x: -41.73448, y: 2}
  - {x: 60.855675, y: 0}
  - {x: 53.620926, y: 0}
  - {x: 60.855675, y: 2}
  - {x: 53.620926, y: 2}
  - {x: 0, y: 0}
  - {x: -26.852007, y: 0}
  - {x: 0, y: 2}
  - {x: -26.852007, y: 2}
  - {x: 23.897085, y: 0}
  - {x: 0, y: 0}
  - {x: 23.897085, y: 2}
  - {x: 0, y: 2}
  - {x: -24.251436, y: 0}
  - {x: -40.81285, y: 0}
  - {x: -24.251436, y: 2}
  - {x: -40.81285, y: 2}
  - {x: 36.89364, y: 0}
  - {x: 20.582958, y: 0}
  - {x: 36.89364, y: 2}
  - {x: 20.582958, y: 2}
  - {x: -14.556196, y: 0}
  - {x: -17.720278, y: 0}
  - {x: -14.556196, y: 2}
  - {x: -17.720278, y: 2}
  - {x: 34.672764, y: 0}
  - {x: 22.718027, y: 0}
  - {x: 34.672764, y: 2}
  - {x: 22.718027, y: 2}
  - {x: 14.874775, y: 0}
  - {x: 7.7412825, y: 0}
  - {x: 14.874775, y: 2}
  - {x: 7.7412825, y: 2}
  - {x: 49.589283, y: 0}
  - {x: 42.800346, y: 0}
  - {x: 49.589283, y: 2}
  - {x: 42.800346, y: 2}
  - {x: -33.689117, y: 0}
  - {x: -52.82485, y: 0}
  - {x: -33.689117, y: 2}
  - {x: -52.82485, y: 2}
  m_Textures2: []
  m_Textures3: []
  m_Tangents:
  - {x: 1, y: 0, z: 0, w: -1}
  - {x: 1, y: 0, z: 0, w: -1}
  - {x: 1, y: 0, z: 0, w: -1}
  - {x: 1, y: 0, z: 0, w: -1}
  - {x: 1, y: 0, z: 0, w: -1}
  - {x: 1, y: 0, z: 0, w: -1}
  - {x: 1, y: 0, z: 0, w: -1}
  - {x: 1, y: 0, z: 0, w: -1}
  - {x: 1, y: 0, z: 0, w: -1}
  - {x: 1, y: 0, z: 0, w: -1}
  - {x: 1, y: 0, z: 0, w: -1}
  - {x: 1, y: 0, z: 0, w: -1}
  - {x: -1, y: 0, z: 0, w: -1}
  - {x: -1, y: 0, z: 0, w: -1}
  - {x: -1, y: 0, z: 0, w: -1}
  - {x: -1, y: 0, z: 0, w: -1}
  - {x: -1, y: 0, z: 0, w: -1}
  - {x: -1, y: 0, z: 0, w: -1}
  - {x: -1, y: 0, z: 0, w: -1}
  - {x: -1, y: 0, z: 0, w: -1}
  - {x: -1, y: 0, z: 0, w: -1}
  - {x: -1, y: 0, z: 0, w: -1}
  - {x: -1, y: 0, z: 0, w: -1}
  - {x: -1, y: 0, z: 0, w: -1}
  - {x: 0.8033161, y: 0, z: 0.5955529, w: -1}
  - {x: 0.8033161, y: 0, z: 0.5955529, w: -1}
  - {x: 0.8033161, y: 0, z: 0.5955529, w: -1}
  - {x: 0.8033161, y: 0, z: 0.5955529, w: -1}
  - {x: -0.89303005, y: 0, z: -0.4499971, w: -1}
  - {x: -0.89303005, y: 0, z: -0.4499971, w: -1}
  - {x: -0.89303005, y: 0, z: -0.4499971, w: -1}
  - {x: -0.89303005, y: 0, z: -0.4499971, w: -1}
  - {x: 0.02580165, y: 0, z: 0.9996671, w: -1}
  - {x: 0.02580165, y: 0, z: 0.9996671, w: -1}
  - {x: 0.02580165, y: 0, z: 0.9996671, w: -1}
  - {x: 0.02580165, y: 0, z: 0.9996671, w: -1}
  - {x: 0.42932156, y: 0, z: -0.90315175, w: -1}
  - {x: 0.42932156, y: 0, z: -0.90315175, w: -1}
  - {x: 0.42932156, y: 0, z: -0.90315175, w: -1}
  - {x: 0.42932156, y: 0, z: -0.90315175, w: -1}
  - {x: -0.08495521, y: 0, z: 0.9963848, w: -1}
  - {x: -0.08495521, y: 0, z: 0.9963848, w: -1}
  - {x: -0.08495521, y: 0, z: 0.9963848, w: -1}
  - {x: -0.08495521, y: 0, z: 0.9963848, w: -1}
  - {x: 0, y: 0, z: -1, w: -1}
  - {x: 0, y: 0, z: -1, w: -1}
  - {x: 0, y: 0, z: -1, w: -1}
  - {x: 0, y: 0, z: -1, w: -1}
  - {x: 0.43305835, y: 0, z: 0.90136594, w: -1}
  - {x: 0.43305835, y: 0, z: 0.90136594, w: -1}
  - {x: 0.43305835, y: 0, z: 0.90136594, w: -1}
  - {x: 0.43305835, y: 0, z: 0.90136594, w: -1}
  - {x: -0.9987766, y: 0, z: -0.049449947, w: -1}
  - {x: -0.9987766, y: 0, z: -0.049449947, w: -1}
  - {x: -0.9987766, y: 0, z: -0.049449947, w: -1}
  - {x: -0.9987766, y: 0, z: -0.049449947, w: -1}
  - {x: 0.8800564, y: 0, z: 0.4748693, w: -1}
  - {x: 0.8800564, y: 0, z: 0.4748693, w: -1}
  - {x: 0.8800564, y: 0, z: 0.4748693, w: -1}
  - {x: 0.8800564, y: 0, z: 0.4748693, w: -1}
  - {x: -0.9028607, y: 0, z: 0.42993316, w: -1}
  - {x: -0.9028607, y: 0, z: 0.42993316, w: -1}
  - {x: -0.9028607, y: 0, z: 0.42993316, w: -1}
  - {x: -0.9028607, y: 0, z: 0.42993316, w: -1}
  - {x: -0.31622776, y: 0, z: 0.9486833, w: -1}
  - {x: -0.31622776, y: 0, z: 0.9486833, w: -1}
  - {x: -0.31622776, y: 0, z: 0.9486833, w: -1}
  - {x: -0.31622776, y: 0, z: 0.9486833, w: -1}
  - {x: -0.36862707, y: 0, z: -0.92957735, w: -1}
  - {x: -0.36862707, y: 0, z: -0.92957735, w: -1}
  - {x: -0.36862707, y: 0, z: -0.92957735, w: -1}
  - {x: -0.36862707, y: 0, z: -0.92957735, w: -1}
  m_Colors: []
  m_UnwrapParameters:
    m_HardAngle: 88
    m_PackMargin: 20
    m_AngleError: 8
    m_AreaError: 15
  m_PreserveMeshAssetOnDestroy: 0
  assetGuid: 
  m_Mesh: {fileID: 0}
  m_VersionIndex: 1894
  m_IsSelectable: 1
  m_SelectedFaces: 
  m_SelectedEdges: []
  m_SelectedVertices: 
--- !u!114 &5096336221163429166
MonoBehaviour:
  m_ObjectHideFlags: 0
  m_CorrespondingSourceObject: {fileID: 0}
  m_PrefabInstance: {fileID: 0}
  m_PrefabAsset: {fileID: 0}
  m_GameObject: {fileID: 1286896794796425000}
  m_Enabled: 1
  m_EditorHideFlags: 0
  m_Script: {fileID: 11500000, guid: bb977b126bc1b4f15813dcf9da9bb600, type: 3}
  m_Name: 
  m_EditorClassIdentifier: 
  m_Points:
  - {x: 0, y: 0, z: 0}
  - {x: -11.528145, y: 0, z: 24.251436}
  - {x: -11.528145, y: 0, z: 40.81285}
  - {x: -4.4741974, y: 0, z: 58.60099}
  - {x: 12.814684, y: 0, z: 67.31284}
  - {x: 3.9931946, y: 0, z: 60.772873}
  - {x: 3.8065262, y: 0, z: 53.540535}
  - {x: 5.953377, y: 0, z: 47.099983}
  - {x: 12.393927, y: 0, z: 44.03306}
  - {x: 15.554136, y: 0, z: 44.18952}
  - {x: 5.0332947, y: 0, z: 38.512585}
  - {x: -2.030182, y: 0, z: 23.810692}
  m_Extrude: 2
  m_EditMode: 0
  m_FlipNormals: 0
  isOnGrid: 1
--- !u!23 &7936928240469386068
MeshRenderer:
  m_ObjectHideFlags: 0
  m_CorrespondingSourceObject: {fileID: 0}
  m_PrefabInstance: {fileID: 0}
  m_PrefabAsset: {fileID: 0}
  m_GameObject: {fileID: 1286896794796425000}
  m_Enabled: 1
  m_CastShadows: 1
  m_ReceiveShadows: 1
  m_DynamicOccludee: 1
  m_StaticShadowCaster: 0
  m_MotionVectors: 1
  m_LightProbeUsage: 1
  m_ReflectionProbeUsage: 1
  m_RayTracingMode: 2
  m_RayTraceProcedural: 0
  m_RenderingLayerMask: 1
  m_RendererPriority: 0
  m_Materials:
  - {fileID: 2100000, guid: 41c2945ec431f8144b55d913efbb2e03, type: 2}
  m_StaticBatchInfo:
    firstSubMesh: 0
    subMeshCount: 0
  m_StaticBatchRoot: {fileID: 0}
  m_ProbeAnchor: {fileID: 0}
  m_LightProbeVolumeOverride: {fileID: 0}
  m_ScaleInLightmap: 1
  m_ReceiveGI: 1
  m_PreserveUVs: 0
  m_IgnoreNormalsForChartDetection: 0
  m_ImportantGI: 0
  m_StitchLightmapSeams: 1
  m_SelectedEditorRenderState: 2
  m_MinimumChartSize: 4
  m_AutoUVMaxDistance: 0.5
  m_AutoUVMaxAngle: 89
  m_LightmapParameters: {fileID: 0}
  m_SortingLayerID: 0
  m_SortingLayer: 0
  m_SortingOrder: 0
  m_AdditionalVertexStreams: {fileID: 0}
--- !u!33 &9073370895517145513
MeshFilter:
  m_ObjectHideFlags: 0
  m_CorrespondingSourceObject: {fileID: 0}
  m_PrefabInstance: {fileID: 0}
  m_PrefabAsset: {fileID: 0}
  m_GameObject: {fileID: 1286896794796425000}
  m_Mesh: {fileID: 0}
--- !u!64 &6656367269893634702
MeshCollider:
  m_ObjectHideFlags: 0
  m_CorrespondingSourceObject: {fileID: 0}
  m_PrefabInstance: {fileID: 0}
  m_PrefabAsset: {fileID: 0}
  m_GameObject: {fileID: 1286896794796425000}
  m_Material: {fileID: 0}
  m_IsTrigger: 0
  m_Enabled: 1
  serializedVersion: 4
  m_Convex: 1
  m_CookingOptions: 30
  m_Mesh: {fileID: 0}
--- !u!54 &8645059888373845099
Rigidbody:
  m_ObjectHideFlags: 0
  m_CorrespondingSourceObject: {fileID: 0}
  m_PrefabInstance: {fileID: 0}
  m_PrefabAsset: {fileID: 0}
  m_GameObject: {fileID: 1286896794796425000}
  serializedVersion: 2
  m_Mass: 1
  m_Drag: 0
  m_AngularDrag: 0.05
  m_UseGravity: 1
  m_IsKinematic: 0
  m_Interpolate: 0
  m_Constraints: 0
  m_CollisionDetection: 0
--- !u!1 &4559975647570471095
GameObject:
  m_ObjectHideFlags: 0
  m_CorrespondingSourceObject: {fileID: 0}
  m_PrefabInstance: {fileID: 0}
  m_PrefabAsset: {fileID: 0}
  serializedVersion: 6
  m_Component:
  - component: {fileID: 2176086446899313783}
  - component: {fileID: 5133110973733984749}
  - component: {fileID: 6413737987352762994}
  - component: {fileID: 6880189584485323740}
  - component: {fileID: 804801527711980707}
  m_Layer: 0
  m_Name: Articulacion
  m_TagString: Untagged
  m_Icon: {fileID: 0}
  m_NavMeshLayer: 0
  m_StaticEditorFlags: 0
  m_IsActive: 1
--- !u!4 &2176086446899313783
Transform:
  m_ObjectHideFlags: 0
  m_CorrespondingSourceObject: {fileID: 0}
  m_PrefabInstance: {fileID: 0}
  m_PrefabAsset: {fileID: 0}
  m_GameObject: {fileID: 4559975647570471095}
  m_LocalRotation: {x: -0, y: -0, z: -0, w: 1}
  m_LocalPosition: {x: -31.200165, y: -0.38998747, z: 7.5000215}
  m_LocalScale: {x: 15, y: 15, z: 15}
  m_ConstrainProportionsScale: 0
  m_Children: []
  m_Father: {fileID: 4413276737525541403}
  m_RootOrder: 2
  m_LocalEulerAnglesHint: {x: 0, y: 0, z: 0}
--- !u!33 &5133110973733984749
MeshFilter:
  m_ObjectHideFlags: 0
  m_CorrespondingSourceObject: {fileID: 0}
  m_PrefabInstance: {fileID: 0}
  m_PrefabAsset: {fileID: 0}
  m_GameObject: {fileID: 4559975647570471095}
  m_Mesh: {fileID: 10207, guid: 0000000000000000e000000000000000, type: 0}
--- !u!23 &6413737987352762994
MeshRenderer:
  m_ObjectHideFlags: 0
  m_CorrespondingSourceObject: {fileID: 0}
  m_PrefabInstance: {fileID: 0}
  m_PrefabAsset: {fileID: 0}
  m_GameObject: {fileID: 4559975647570471095}
  m_Enabled: 1
  m_CastShadows: 1
  m_ReceiveShadows: 1
  m_DynamicOccludee: 1
  m_StaticShadowCaster: 0
  m_MotionVectors: 1
  m_LightProbeUsage: 1
  m_ReflectionProbeUsage: 1
  m_RayTracingMode: 2
  m_RayTraceProcedural: 0
  m_RenderingLayerMask: 1
  m_RendererPriority: 0
  m_Materials:
  - {fileID: 2100000, guid: 41c2945ec431f8144b55d913efbb2e03, type: 2}
  m_StaticBatchInfo:
    firstSubMesh: 0
    subMeshCount: 0
  m_StaticBatchRoot: {fileID: 0}
  m_ProbeAnchor: {fileID: 0}
  m_LightProbeVolumeOverride: {fileID: 0}
  m_ScaleInLightmap: 1
  m_ReceiveGI: 1
  m_PreserveUVs: 0
  m_IgnoreNormalsForChartDetection: 0
  m_ImportantGI: 0
  m_StitchLightmapSeams: 1
  m_SelectedEditorRenderState: 3
  m_MinimumChartSize: 4
  m_AutoUVMaxDistance: 0.5
  m_AutoUVMaxAngle: 89
  m_LightmapParameters: {fileID: 0}
  m_SortingLayerID: 0
  m_SortingLayer: 0
  m_SortingOrder: 0
  m_AdditionalVertexStreams: {fileID: 0}
--- !u!135 &6880189584485323740
SphereCollider:
  m_ObjectHideFlags: 0
  m_CorrespondingSourceObject: {fileID: 0}
  m_PrefabInstance: {fileID: 0}
  m_PrefabAsset: {fileID: 0}
  m_GameObject: {fileID: 4559975647570471095}
  m_Material: {fileID: 0}
  m_IsTrigger: 0
  m_Enabled: 1
  serializedVersion: 2
  m_Radius: 0.5
  m_Center: {x: 0, y: 0, z: 0}
--- !u!54 &804801527711980707
Rigidbody:
  m_ObjectHideFlags: 0
  m_CorrespondingSourceObject: {fileID: 0}
  m_PrefabInstance: {fileID: 0}
  m_PrefabAsset: {fileID: 0}
  m_GameObject: {fileID: 4559975647570471095}
  serializedVersion: 2
  m_Mass: 1
  m_Drag: 0
  m_AngularDrag: 0.05
  m_UseGravity: 1
  m_IsKinematic: 0
  m_Interpolate: 0
  m_Constraints: 0
  m_CollisionDetection: 0
--- !u!1 &5125804889387923532
GameObject:
  m_ObjectHideFlags: 0
  m_CorrespondingSourceObject: {fileID: 0}
  m_PrefabInstance: {fileID: 0}
  m_PrefabAsset: {fileID: 0}
  serializedVersion: 6
  m_Component:
  - component: {fileID: 4413276737525541403}
  m_Layer: 0
  m_Name: Parte Exterior
  m_TagString: Untagged
  m_Icon: {fileID: 0}
  m_NavMeshLayer: 0
  m_StaticEditorFlags: 0
  m_IsActive: 1
--- !u!4 &4413276737525541403
Transform:
  m_ObjectHideFlags: 0
  m_CorrespondingSourceObject: {fileID: 0}
  m_PrefabInstance: {fileID: 0}
  m_PrefabAsset: {fileID: 0}
  m_GameObject: {fileID: 5125804889387923532}
  m_LocalRotation: {x: -0, y: -0, z: -0, w: 1}
  m_LocalPosition: {x: -0.4731704, y: 1.0305481, z: 42.700005}
  m_LocalScale: {x: 1, y: 1, z: 1}
  m_ConstrainProportionsScale: 0
  m_Children:
  - {fileID: 6950320084989052539}
  - {fileID: 1571305080538759566}
  - {fileID: 2176086446899313783}
  - {fileID: 6937830189401818785}
  - {fileID: 8408703047433571942}
  m_Father: {fileID: 9180332458014823616}
  m_RootOrder: 0
  m_LocalEulerAnglesHint: {x: 0, y: 0, z: 0}
--- !u!1 &6074969983263731236
GameObject:
  m_ObjectHideFlags: 0
  m_CorrespondingSourceObject: {fileID: 0}
  m_PrefabInstance: {fileID: 0}
  m_PrefabAsset: {fileID: 0}
  serializedVersion: 6
  m_Component:
  - component: {fileID: 1571305080538759566}
  - component: {fileID: 5700842030021208192}
  - component: {fileID: 8628688167171441973}
  - component: {fileID: 6122328543857963839}
  - component: {fileID: 2521405089264204032}
  - component: {fileID: 1321388724983972963}
  - component: {fileID: 8967583274051274846}
  m_Layer: 0
  m_Name: Parte 2
  m_TagString: Untagged
  m_Icon: {fileID: 0}
  m_NavMeshLayer: 0
  m_StaticEditorFlags: 0
  m_IsActive: 1
--- !u!4 &1571305080538759566
Transform:
  m_ObjectHideFlags: 0
  m_CorrespondingSourceObject: {fileID: 0}
  m_PrefabInstance: {fileID: 0}
  m_PrefabAsset: {fileID: 0}
  m_GameObject: {fileID: 6074969983263731236}
  m_LocalRotation: {x: -0, y: -0, z: -0, w: 1}
  m_LocalPosition: {x: -22.200138, y: -1.4999957, z: 11.90004}
  m_LocalScale: {x: 1, y: 3, z: 1}
  m_ConstrainProportionsScale: 0
  m_Children: []
  m_Father: {fileID: 4413276737525541403}
  m_RootOrder: 1
  m_LocalEulerAnglesHint: {x: 0, y: 0, z: 0}
--- !u!114 &5700842030021208192
MonoBehaviour:
  m_ObjectHideFlags: 0
  m_CorrespondingSourceObject: {fileID: 0}
  m_PrefabInstance: {fileID: 0}
  m_PrefabAsset: {fileID: 0}
  m_GameObject: {fileID: 6074969983263731236}
  m_Enabled: 1
  m_EditorHideFlags: 0
  m_Script: {fileID: 11500000, guid: 8233d90336aea43098adf6dbabd606a2, type: 3}
  m_Name: 
  m_EditorClassIdentifier: 
  m_MeshFormatVersion: 2
  m_Faces:
  - m_Indexes: 010000000000000007000000060000000100000007000000060000000200000001000000060000000500000002000000050000000400000003000000050000000300000002000000
    m_SmoothingGroup: 0
    m_Uv:
      m_UseWorldSpace: 0
      m_FlipU: 0
      m_FlipV: 0
      m_SwapUV: 0
      m_Fill: 1
      m_Scale: {x: 1, y: 1}
      m_Offset: {x: 0, y: 0}
      m_Rotation: 0
      m_Anchor: 9
    m_Material: {fileID: 2100000, guid: 31321ba15b8f8eb4c954353edc038b1d, type: 2}
    m_SubmeshIndex: 0
    m_ManualUV: 0
    elementGroup: 0
    m_TextureGroup: -1
  - m_Indexes: 0c0000000f0000000d0000000f0000000e0000000d0000000c0000000d0000000b000000080000000c0000000b0000000a000000080000000b0000000a0000000900000008000000
    m_SmoothingGroup: 0
    m_Uv:
      m_UseWorldSpace: 0
      m_FlipU: 0
      m_FlipV: 0
      m_SwapUV: 0
      m_Fill: 1
      m_Scale: {x: 1, y: 1}
      m_Offset: {x: 0, y: 0}
      m_Rotation: 0
      m_Anchor: 9
    m_Material: {fileID: 2100000, guid: 31321ba15b8f8eb4c954353edc038b1d, type: 2}
    m_SubmeshIndex: 0
    m_ManualUV: 0
    elementGroup: 0
    m_TextureGroup: -1
  - m_Indexes: 100000001100000012000000110000001300000012000000
    m_SmoothingGroup: 0
    m_Uv:
      m_UseWorldSpace: 0
      m_FlipU: 0
      m_FlipV: 0
      m_SwapUV: 0
      m_Fill: 1
      m_Scale: {x: 1, y: 1}
      m_Offset: {x: 0, y: 0}
      m_Rotation: 0
      m_Anchor: 9
    m_Material: {fileID: 0}
    m_SubmeshIndex: 0
    m_ManualUV: 0
    elementGroup: -1
    m_TextureGroup: -1
  - m_Indexes: 140000001500000016000000150000001700000016000000
    m_SmoothingGroup: 0
    m_Uv:
      m_UseWorldSpace: 0
      m_FlipU: 0
      m_FlipV: 0
      m_SwapUV: 0
      m_Fill: 1
      m_Scale: {x: 1, y: 1}
      m_Offset: {x: 0, y: 0}
      m_Rotation: 0
      m_Anchor: 9
    m_Material: {fileID: 0}
    m_SubmeshIndex: 0
    m_ManualUV: 0
    elementGroup: -1
    m_TextureGroup: -1
  - m_Indexes: 18000000190000001a000000190000001b0000001a000000
    m_SmoothingGroup: 0
    m_Uv:
      m_UseWorldSpace: 0
      m_FlipU: 0
      m_FlipV: 0
      m_SwapUV: 0
      m_Fill: 1
      m_Scale: {x: 1, y: 1}
      m_Offset: {x: 0, y: 0}
      m_Rotation: 0
      m_Anchor: 9
    m_Material: {fileID: 0}
    m_SubmeshIndex: 0
    m_ManualUV: 0
    elementGroup: -1
    m_TextureGroup: -1
  - m_Indexes: 1c0000001d0000001e0000001d0000001f0000001e000000
    m_SmoothingGroup: 0
    m_Uv:
      m_UseWorldSpace: 0
      m_FlipU: 0
      m_FlipV: 0
      m_SwapUV: 0
      m_Fill: 1
      m_Scale: {x: 1, y: 1}
      m_Offset: {x: 0, y: 0}
      m_Rotation: 0
      m_Anchor: 9
    m_Material: {fileID: 0}
    m_SubmeshIndex: 0
    m_ManualUV: 0
    elementGroup: -1
    m_TextureGroup: -1
  - m_Indexes: 200000002100000022000000210000002300000022000000
    m_SmoothingGroup: 0
    m_Uv:
      m_UseWorldSpace: 0
      m_FlipU: 0
      m_FlipV: 0
      m_SwapUV: 0
      m_Fill: 1
      m_Scale: {x: 1, y: 1}
      m_Offset: {x: 0, y: 0}
      m_Rotation: 0
      m_Anchor: 9
    m_Material: {fileID: 0}
    m_SubmeshIndex: 0
    m_ManualUV: 0
    elementGroup: -1
    m_TextureGroup: -1
  - m_Indexes: 240000002500000026000000250000002700000026000000
    m_SmoothingGroup: 0
    m_Uv:
      m_UseWorldSpace: 0
      m_FlipU: 0
      m_FlipV: 0
      m_SwapUV: 0
      m_Fill: 1
      m_Scale: {x: 1, y: 1}
      m_Offset: {x: 0, y: 0}
      m_Rotation: 0
      m_Anchor: 9
    m_Material: {fileID: 0}
    m_SubmeshIndex: 0
    m_ManualUV: 0
    elementGroup: -1
    m_TextureGroup: -1
  - m_Indexes: 28000000290000002a000000290000002b0000002a000000
    m_SmoothingGroup: 0
    m_Uv:
      m_UseWorldSpace: 0
      m_FlipU: 0
      m_FlipV: 0
      m_SwapUV: 0
      m_Fill: 1
      m_Scale: {x: 1, y: 1}
      m_Offset: {x: 0, y: 0}
      m_Rotation: 0
      m_Anchor: 9
    m_Material: {fileID: 0}
    m_SubmeshIndex: 0
    m_ManualUV: 0
    elementGroup: -1
    m_TextureGroup: -1
  - m_Indexes: 2c0000002d0000002e0000002d0000002f0000002e000000
    m_SmoothingGroup: 0
    m_Uv:
      m_UseWorldSpace: 0
      m_FlipU: 0
      m_FlipV: 0
      m_SwapUV: 0
      m_Fill: 1
      m_Scale: {x: 1, y: 1}
      m_Offset: {x: 0, y: 0}
      m_Rotation: 0
      m_Anchor: 9
    m_Material: {fileID: 0}
    m_SubmeshIndex: 0
    m_ManualUV: 0
    elementGroup: -1
    m_TextureGroup: -1
  m_SharedVertices:
  - m_Vertices: 000000001300000016000000
  - m_Vertices: 090000001100000014000000
  - m_Vertices: 01000000120000001f000000
  - m_Vertices: 08000000100000001d000000
  - m_Vertices: 020000001e0000002f000000
  - m_Vertices: 0c0000001c0000002d000000
  - m_Vertices: 030000002b0000002e000000
  - m_Vertices: 0f000000290000002c000000
  - m_Vertices: 04000000270000002a000000
  - m_Vertices: 0e0000002500000028000000
  - m_Vertices: 050000002300000026000000
  - m_Vertices: 0d0000002100000024000000
  - m_Vertices: 060000001b00000022000000
  - m_Vertices: 0b0000001900000020000000
  - m_Vertices: 07000000170000001a000000
  - m_Vertices: 0a0000001500000018000000
  m_SharedTextures: []
  m_Positions:
  - {x: 0, y: 1, z: 0}
  - {x: 1.5370979, y: 1, z: -5.1236534}
  - {x: 1.0247307, y: 1, z: -10.588886}
  - {x: -5.8068085, y: 1, z: -15.029385}
  - {x: 11.955257, y: 1, z: -31.425064}
  - {x: 12.296841, y: 1, z: -24.422735}
  - {x: 15.883396, y: 1, z: -18.103561}
  - {x: 27.155437, y: 1, z: -17.591196}
  - {x: 1.5370979, y: 0, z: -5.1236534}
  - {x: 0, y: 0, z: 0}
  - {x: 27.155437, y: 0, z: -17.591196}
  - {x: 15.883396, y: 0, z: -18.103561}
  - {x: 1.0247307, y: 0, z: -10.588886}
  - {x: 12.296841, y: 0, z: -24.422735}
  - {x: 11.955257, y: 0, z: -31.425064}
  - {x: -5.8068085, y: 0, z: -15.029385}
  - {x: 1.5370979, y: 0, z: -5.1236534}
  - {x: 0, y: 0, z: 0}
  - {x: 1.5370979, y: 1, z: -5.1236534}
  - {x: 0, y: 1, z: 0}
  - {x: 0, y: 0, z: 0}
  - {x: 27.155437, y: 0, z: -17.591196}
  - {x: 0, y: 1, z: 0}
  - {x: 27.155437, y: 1, z: -17.591196}
  - {x: 27.155437, y: 0, z: -17.591196}
  - {x: 15.883396, y: 0, z: -18.103561}
  - {x: 27.155437, y: 1, z: -17.591196}
  - {x: 15.883396, y: 1, z: -18.103561}
  - {x: 1.0247307, y: 0, z: -10.588886}
  - {x: 1.5370979, y: 0, z: -5.1236534}
  - {x: 1.0247307, y: 1, z: -10.588886}
  - {x: 1.5370979, y: 1, z: -5.1236534}
  - {x: 15.883396, y: 0, z: -18.103561}
  - {x: 12.296841, y: 0, z: -24.422735}
  - {x: 15.883396, y: 1, z: -18.103561}
  - {x: 12.296841, y: 1, z: -24.422735}
  - {x: 12.296841, y: 0, z: -24.422735}
  - {x: 11.955257, y: 0, z: -31.425064}
  - {x: 12.296841, y: 1, z: -24.422735}
  - {x: 11.955257, y: 1, z: -31.425064}
  - {x: 11.955257, y: 0, z: -31.425064}
  - {x: -5.8068085, y: 0, z: -15.029385}
  - {x: 11.955257, y: 1, z: -31.425064}
  - {x: -5.8068085, y: 1, z: -15.029385}
  - {x: -5.8068085, y: 0, z: -15.029385}
  - {x: 1.0247307, y: 0, z: -10.588886}
  - {x: -5.8068085, y: 1, z: -15.029385}
  - {x: 1.0247307, y: 1, z: -10.588886}
  m_Textures0:
  - {x: 0, y: 0}
  - {x: 1.5370979, y: -5.1236534}
  - {x: 1.0247307, y: -10.588886}
  - {x: -5.8068085, y: -15.029385}
  - {x: 11.955257, y: -31.425064}
  - {x: 12.296841, y: -24.422735}
  - {x: 15.883396, y: -18.103561}
  - {x: 27.155437, y: -17.591196}
  - {x: -1.5370979, y: -5.1236534}
  - {x: 0, y: 0}
  - {x: -27.155437, y: -17.591196}
  - {x: -15.883396, y: -18.103561}
  - {x: -1.0247307, y: -10.588886}
  - {x: -12.296841, y: -24.422735}
  - {x: -11.955257, y: -31.425064}
  - {x: 5.8068085, y: -15.029385}
  - {x: 5.3492517, y: 0}
  - {x: 0, y: 0}
  - {x: 5.3492517, y: 1}
  - {x: 0, y: 1}
  - {x: 0, y: 0}
  - {x: -32.35534, y: 0}
  - {x: 0, y: 1}
  - {x: -32.35534, y: 1}
  - {x: 26.328653, y: 0}
  - {x: 15.044973, y: 0}
  - {x: 26.328653, y: 1}
  - {x: 15.044973, y: 1}
  - {x: 10.447008, y: 0}
  - {x: 4.9578104, y: 0}
  - {x: 10.447008, y: 1}
  - {x: 4.9578104, y: 1}
  - {x: -7.9042873, y: 0}
  - {x: -15.170327, y: 0}
  - {x: -7.9042873, y: 1}
  - {x: -15.170327, y: 1}
  - {x: -23.794584, y: 0}
  - {x: -30.80524, y: 0}
  - {x: -23.794584, y: 1}
  - {x: -30.80524, y: 1}
  - {x: 30.099728, y: 0}
  - {x: 5.9272366, y: 0}
  - {x: 30.099728, y: 1}
  - {x: 5.9272366, y: 1}
  - {x: 13.05952, y: 0}
  - {x: 4.911639, y: 0}
  - {x: 13.05952, y: 1}
  - {x: 4.911639, y: 1}
  m_Textures2: []
  m_Textures3: []
  m_Tangents:
  - {x: 1, y: 0, z: 0, w: -1}
  - {x: 1, y: 0, z: 0, w: -1}
  - {x: 1, y: 0, z: 0, w: -1}
  - {x: 1, y: 0, z: 0, w: -1}
  - {x: 1, y: 0, z: 0, w: -1}
  - {x: 1, y: 0, z: 0, w: -1}
  - {x: 1, y: 0, z: 0, w: -1}
  - {x: 1, y: 0, z: 0, w: -1}
  - {x: -1, y: 0, z: 0, w: -1}
  - {x: -1, y: 0, z: 0, w: -1}
  - {x: -1, y: 0, z: 0, w: -1}
  - {x: -1, y: 0, z: 0, w: -1}
  - {x: -1, y: 0, z: 0, w: -1}
  - {x: -1, y: 0, z: 0, w: -1}
  - {x: -1, y: 0, z: 0, w: -1}
  - {x: -1, y: 0, z: 0, w: -1}
  - {x: 0.2873482, y: 0, z: -0.9578262, w: -1}
  - {x: 0.2873482, y: 0, z: -0.9578262, w: -1}
  - {x: 0.2873482, y: 0, z: -0.9578262, w: -1}
  - {x: 0.2873482, y: 0, z: -0.9578262, w: -1}
  - {x: -0.8392877, y: 0, z: 0.5436876, w: -1}
  - {x: -0.8392877, y: 0, z: 0.5436876, w: -1}
  - {x: -0.8392877, y: 0, z: 0.5436876, w: -1}
  - {x: -0.8392877, y: 0, z: 0.5436876, w: -1}
  - {x: 0.99896854, y: 0, z: 0.045407645, w: -1}
  - {x: 0.99896854, y: 0, z: 0.045407645, w: -1}
  - {x: 0.99896854, y: 0, z: 0.045407645, w: -1}
  - {x: 0.99896854, y: 0, z: 0.045407645, w: -1}
  - {x: -0.09334101, y: 0, z: -0.9956342, w: -1}
  - {x: -0.09334101, y: 0, z: -0.9956342, w: -1}
  - {x: -0.09334101, y: 0, z: -0.9956342, w: -1}
  - {x: -0.09334101, y: 0, z: -0.9956342, w: -1}
  - {x: 0.49360526, y: 0, z: 0.86968607, w: -1}
  - {x: 0.49360526, y: 0, z: 0.86968607, w: -1}
  - {x: 0.49360526, y: 0, z: 0.86968607, w: -1}
  - {x: 0.49360526, y: 0, z: 0.86968607, w: -1}
  - {x: 0.04872344, y: 0, z: 0.9988123, w: -1}
  - {x: 0.04872344, y: 0, z: 0.9988123, w: -1}
  - {x: 0.04872344, y: 0, z: 0.9988123, w: -1}
  - {x: 0.04872344, y: 0, z: 0.9988123, w: -1}
  - {x: 0.734805, y: 0, z: -0.67827845, w: -1}
  - {x: 0.734805, y: 0, z: -0.67827845, w: -1}
  - {x: 0.734805, y: 0, z: -0.67827845, w: -1}
  - {x: 0.734805, y: 0, z: -0.67827845, w: -1}
  - {x: -0.83844376, y: 0, z: -0.5449882, w: -1}
  - {x: -0.83844376, y: 0, z: -0.5449882, w: -1}
  - {x: -0.83844376, y: 0, z: -0.5449882, w: -1}
  - {x: -0.83844376, y: 0, z: -0.5449882, w: -1}
  m_Colors: []
  m_UnwrapParameters:
    m_HardAngle: 88
    m_PackMargin: 20
    m_AngleError: 8
    m_AreaError: 15
  m_PreserveMeshAssetOnDestroy: 0
  assetGuid: 
  m_Mesh: {fileID: 0}
  m_VersionIndex: 1538
  m_IsSelectable: 1
  m_SelectedFaces: 
  m_SelectedEdges: []
  m_SelectedVertices: 
--- !u!114 &8628688167171441973
MonoBehaviour:
  m_ObjectHideFlags: 0
  m_CorrespondingSourceObject: {fileID: 0}
  m_PrefabInstance: {fileID: 0}
  m_PrefabAsset: {fileID: 0}
  m_GameObject: {fileID: 6074969983263731236}
  m_Enabled: 1
  m_EditorHideFlags: 0
  m_Script: {fileID: 11500000, guid: bb977b126bc1b4f15813dcf9da9bb600, type: 3}
  m_Name: 
  m_EditorClassIdentifier: 
  m_Points:
  - {x: 0, y: 0, z: 0}
  - {x: 1.5370979, y: 0, z: -5.1236534}
  - {x: 1.0247307, y: 0, z: -10.588886}
  - {x: -5.8068085, y: 0, z: -15.029385}
  - {x: 11.955257, y: 0, z: -31.425064}
  - {x: 12.296841, y: 0, z: -24.422735}
  - {x: 15.883396, y: 0, z: -18.103561}
  - {x: 27.155437, y: 0, z: -17.591196}
  m_Extrude: 1
  m_EditMode: 0
  m_FlipNormals: 0
  isOnGrid: 1
--- !u!23 &6122328543857963839
MeshRenderer:
  m_ObjectHideFlags: 0
  m_CorrespondingSourceObject: {fileID: 0}
  m_PrefabInstance: {fileID: 0}
  m_PrefabAsset: {fileID: 0}
  m_GameObject: {fileID: 6074969983263731236}
  m_Enabled: 1
  m_CastShadows: 1
  m_ReceiveShadows: 1
  m_DynamicOccludee: 1
  m_StaticShadowCaster: 0
  m_MotionVectors: 1
  m_LightProbeUsage: 1
  m_ReflectionProbeUsage: 1
  m_RayTracingMode: 2
  m_RayTraceProcedural: 0
  m_RenderingLayerMask: 1
  m_RendererPriority: 0
  m_Materials:
  - {fileID: 2100000, guid: 41c2945ec431f8144b55d913efbb2e03, type: 2}
  m_StaticBatchInfo:
    firstSubMesh: 0
    subMeshCount: 0
  m_StaticBatchRoot: {fileID: 0}
  m_ProbeAnchor: {fileID: 0}
  m_LightProbeVolumeOverride: {fileID: 0}
  m_ScaleInLightmap: 1
  m_ReceiveGI: 1
  m_PreserveUVs: 0
  m_IgnoreNormalsForChartDetection: 0
  m_ImportantGI: 0
  m_StitchLightmapSeams: 1
  m_SelectedEditorRenderState: 2
  m_MinimumChartSize: 4
  m_AutoUVMaxDistance: 0.5
  m_AutoUVMaxAngle: 89
  m_LightmapParameters: {fileID: 0}
  m_SortingLayerID: 0
  m_SortingLayer: 0
  m_SortingOrder: 0
  m_AdditionalVertexStreams: {fileID: 0}
--- !u!33 &2521405089264204032
MeshFilter:
  m_ObjectHideFlags: 0
  m_CorrespondingSourceObject: {fileID: 0}
  m_PrefabInstance: {fileID: 0}
  m_PrefabAsset: {fileID: 0}
  m_GameObject: {fileID: 6074969983263731236}
  m_Mesh: {fileID: 0}
--- !u!64 &1321388724983972963
MeshCollider:
  m_ObjectHideFlags: 0
  m_CorrespondingSourceObject: {fileID: 0}
  m_PrefabInstance: {fileID: 0}
  m_PrefabAsset: {fileID: 0}
  m_GameObject: {fileID: 6074969983263731236}
  m_Material: {fileID: 0}
  m_IsTrigger: 0
  m_Enabled: 1
  serializedVersion: 4
  m_Convex: 1
  m_CookingOptions: 30
  m_Mesh: {fileID: 0}
--- !u!54 &8967583274051274846
Rigidbody:
  m_ObjectHideFlags: 0
  m_CorrespondingSourceObject: {fileID: 0}
  m_PrefabInstance: {fileID: 0}
  m_PrefabAsset: {fileID: 0}
  m_GameObject: {fileID: 6074969983263731236}
  serializedVersion: 2
  m_Mass: 1
  m_Drag: 0
  m_AngularDrag: 0.05
  m_UseGravity: 1
  m_IsKinematic: 0
  m_Interpolate: 0
  m_Constraints: 0
  m_CollisionDetection: 0
--- !u!1 &6672569578211999770
GameObject:
  m_ObjectHideFlags: 0
  m_CorrespondingSourceObject: {fileID: 0}
  m_PrefabInstance: {fileID: 0}
  m_PrefabAsset: {fileID: 0}
  serializedVersion: 6
  m_Component:
  - component: {fileID: 6672569578211999771}
  - component: {fileID: 6672569578211999774}
  - component: {fileID: 6672569578211999769}
  - component: {fileID: 6672569578211999768}
  m_Layer: 0
  m_Name: Parte 1
  m_TagString: Untagged
  m_Icon: {fileID: 0}
  m_NavMeshLayer: 0
  m_StaticEditorFlags: 0
  m_IsActive: 1
--- !u!4 &6672569578211999771
Transform:
  m_ObjectHideFlags: 0
  m_CorrespondingSourceObject: {fileID: 0}
  m_PrefabInstance: {fileID: 0}
  m_PrefabAsset: {fileID: 0}
  m_GameObject: {fileID: 6672569578211999770}
  m_LocalRotation: {x: -0, y: -0, z: -0, w: 1}
  m_LocalPosition: {x: 0, y: 0, z: 1.4500016}
  m_LocalScale: {x: 1.5000001, y: 1.5, z: 1.5000001}
  m_ConstrainProportionsScale: 0
  m_Children: []
  m_Father: {fileID: 8408703047433571942}
  m_RootOrder: 0
  m_LocalEulerAnglesHint: {x: 0, y: 0, z: 0}
--- !u!33 &6672569578211999774
MeshFilter:
  m_ObjectHideFlags: 0
  m_CorrespondingSourceObject: {fileID: 0}
  m_PrefabInstance: {fileID: 0}
  m_PrefabAsset: {fileID: 0}
  m_GameObject: {fileID: 6672569578211999770}
  m_Mesh: {fileID: 10207, guid: 0000000000000000e000000000000000, type: 0}
--- !u!23 &6672569578211999769
MeshRenderer:
  m_ObjectHideFlags: 0
  m_CorrespondingSourceObject: {fileID: 0}
  m_PrefabInstance: {fileID: 0}
  m_PrefabAsset: {fileID: 0}
  m_GameObject: {fileID: 6672569578211999770}
  m_Enabled: 1
  m_CastShadows: 1
  m_ReceiveShadows: 1
  m_DynamicOccludee: 1
  m_StaticShadowCaster: 0
  m_MotionVectors: 1
  m_LightProbeUsage: 1
  m_ReflectionProbeUsage: 1
  m_RayTracingMode: 2
  m_RayTraceProcedural: 0
  m_RenderingLayerMask: 1
  m_RendererPriority: 0
  m_Materials:
  - {fileID: 2100000, guid: 41c2945ec431f8144b55d913efbb2e03, type: 2}
  m_StaticBatchInfo:
    firstSubMesh: 0
    subMeshCount: 0
  m_StaticBatchRoot: {fileID: 0}
  m_ProbeAnchor: {fileID: 0}
  m_LightProbeVolumeOverride: {fileID: 0}
  m_ScaleInLightmap: 1
  m_ReceiveGI: 1
  m_PreserveUVs: 0
  m_IgnoreNormalsForChartDetection: 0
  m_ImportantGI: 0
  m_StitchLightmapSeams: 1
  m_SelectedEditorRenderState: 3
  m_MinimumChartSize: 4
  m_AutoUVMaxDistance: 0.5
  m_AutoUVMaxAngle: 89
  m_LightmapParameters: {fileID: 0}
  m_SortingLayerID: 0
  m_SortingLayer: 0
  m_SortingOrder: 0
  m_AdditionalVertexStreams: {fileID: 0}
--- !u!135 &6672569578211999768
SphereCollider:
  m_ObjectHideFlags: 0
  m_CorrespondingSourceObject: {fileID: 0}
  m_PrefabInstance: {fileID: 0}
  m_PrefabAsset: {fileID: 0}
  m_GameObject: {fileID: 6672569578211999770}
  m_Material: {fileID: 0}
  m_IsTrigger: 0
  m_Enabled: 1
  serializedVersion: 2
  m_Radius: 0.5
  m_Center: {x: 0, y: 0, z: 0}
--- !u!1 &6672569578979884380
GameObject:
  m_ObjectHideFlags: 0
  m_CorrespondingSourceObject: {fileID: 0}
  m_PrefabInstance: {fileID: 0}
  m_PrefabAsset: {fileID: 0}
  serializedVersion: 6
  m_Component:
  - component: {fileID: 6672569578979884381}
  - component: {fileID: 6672569578979884320}
  - component: {fileID: 6672569578979884323}
  - component: {fileID: 6672569578979884322}
  m_Layer: 0
  m_Name: Parte 2
  m_TagString: Untagged
  m_Icon: {fileID: 0}
  m_NavMeshLayer: 0
  m_StaticEditorFlags: 0
  m_IsActive: 1
--- !u!4 &6672569578979884381
Transform:
  m_ObjectHideFlags: 0
  m_CorrespondingSourceObject: {fileID: 0}
  m_PrefabInstance: {fileID: 0}
  m_PrefabAsset: {fileID: 0}
  m_GameObject: {fileID: 6672569578979884380}
  m_LocalRotation: {x: 0.7071068, y: -0, z: -0, w: 0.7071068}
  m_LocalPosition: {x: 0, y: 0, z: 2.4100022}
  m_LocalScale: {x: 1, y: 0.5, z: 1}
  m_ConstrainProportionsScale: 0
  m_Children: []
  m_Father: {fileID: 8408703047433571942}
  m_RootOrder: 1
  m_LocalEulerAnglesHint: {x: 90, y: 0, z: 0}
--- !u!33 &6672569578979884320
MeshFilter:
  m_ObjectHideFlags: 0
  m_CorrespondingSourceObject: {fileID: 0}
  m_PrefabInstance: {fileID: 0}
  m_PrefabAsset: {fileID: 0}
  m_GameObject: {fileID: 6672569578979884380}
  m_Mesh: {fileID: 10206, guid: 0000000000000000e000000000000000, type: 0}
--- !u!23 &6672569578979884323
MeshRenderer:
  m_ObjectHideFlags: 0
  m_CorrespondingSourceObject: {fileID: 0}
  m_PrefabInstance: {fileID: 0}
  m_PrefabAsset: {fileID: 0}
  m_GameObject: {fileID: 6672569578979884380}
  m_Enabled: 1
  m_CastShadows: 1
  m_ReceiveShadows: 1
  m_DynamicOccludee: 1
  m_StaticShadowCaster: 0
  m_MotionVectors: 1
  m_LightProbeUsage: 1
  m_ReflectionProbeUsage: 1
  m_RayTracingMode: 2
  m_RayTraceProcedural: 0
  m_RenderingLayerMask: 1
  m_RendererPriority: 0
  m_Materials:
  - {fileID: 2100000, guid: 41c2945ec431f8144b55d913efbb2e03, type: 2}
  m_StaticBatchInfo:
    firstSubMesh: 0
    subMeshCount: 0
  m_StaticBatchRoot: {fileID: 0}
  m_ProbeAnchor: {fileID: 0}
  m_LightProbeVolumeOverride: {fileID: 0}
  m_ScaleInLightmap: 1
  m_ReceiveGI: 1
  m_PreserveUVs: 0
  m_IgnoreNormalsForChartDetection: 0
  m_ImportantGI: 0
  m_StitchLightmapSeams: 1
  m_SelectedEditorRenderState: 3
  m_MinimumChartSize: 4
  m_AutoUVMaxDistance: 0.5
  m_AutoUVMaxAngle: 89
  m_LightmapParameters: {fileID: 0}
  m_SortingLayerID: 0
  m_SortingLayer: 0
  m_SortingOrder: 0
  m_AdditionalVertexStreams: {fileID: 0}
--- !u!136 &6672569578979884322
CapsuleCollider:
  m_ObjectHideFlags: 0
  m_CorrespondingSourceObject: {fileID: 0}
  m_PrefabInstance: {fileID: 0}
  m_PrefabAsset: {fileID: 0}
  m_GameObject: {fileID: 6672569578979884380}
  m_Material: {fileID: 0}
  m_IsTrigger: 0
  m_Enabled: 1
  m_Radius: 0.5000001
  m_Height: 2
  m_Direction: 1
  m_Center: {x: 0.000000059604645, y: 0, z: -0.00000008940697}
--- !u!1 &8668023873371886339
GameObject:
  m_ObjectHideFlags: 0
  m_CorrespondingSourceObject: {fileID: 0}
  m_PrefabInstance: {fileID: 0}
  m_PrefabAsset: {fileID: 0}
  serializedVersion: 6
  m_Component:
  - component: {fileID: 8408703047433571942}
  - component: {fileID: 5387039494049519071}
  m_Layer: 0
  m_Name: "Ca\xF1on"
  m_TagString: Untagged
  m_Icon: {fileID: 0}
  m_NavMeshLayer: 0
  m_StaticEditorFlags: 0
  m_IsActive: 1
--- !u!4 &8408703047433571942
Transform:
  m_ObjectHideFlags: 0
  m_CorrespondingSourceObject: {fileID: 0}
  m_PrefabInstance: {fileID: 0}
  m_PrefabAsset: {fileID: 0}
  m_GameObject: {fileID: 8668023873371886339}
  m_LocalRotation: {x: 1, y: -0, z: -0, w: 0}
  m_LocalPosition: {x: -0.00007247925, y: -0.39994907, z: -27.900024}
  m_LocalScale: {x: 5, y: 5, z: 5}
  m_ConstrainProportionsScale: 0
  m_Children:
  - {fileID: 6672569578211999771}
  - {fileID: 6672569578979884381}
  - {fileID: 8490171333061064}
  - {fileID: 7700261744166800584}
  m_Father: {fileID: 4413276737525541403}
  m_RootOrder: 4
  m_LocalEulerAnglesHint: {x: 0, y: 0, z: 0}
--- !u!54 &5387039494049519071
Rigidbody:
  m_ObjectHideFlags: 0
  m_CorrespondingSourceObject: {fileID: 0}
  m_PrefabInstance: {fileID: 0}
  m_PrefabAsset: {fileID: 0}
  m_GameObject: {fileID: 8668023873371886339}
  serializedVersion: 2
  m_Mass: 1
  m_Drag: 0
  m_AngularDrag: 0.05
  m_UseGravity: 1
  m_IsKinematic: 0
  m_Interpolate: 0
  m_Constraints: 0
  m_CollisionDetection: 0
--- !u!1 &8677580854645559642
GameObject:
  m_ObjectHideFlags: 0
  m_CorrespondingSourceObject: {fileID: 0}
  m_PrefabInstance: {fileID: 0}
  m_PrefabAsset: {fileID: 0}
  serializedVersion: 6
  m_Component:
  - component: {fileID: 9180332458014823616}
  m_Layer: 0
  m_Name: Pata Behoren Rota 5
  m_TagString: Untagged
  m_Icon: {fileID: 0}
  m_NavMeshLayer: 0
  m_StaticEditorFlags: 0
  m_IsActive: 1
--- !u!4 &9180332458014823616
Transform:
  m_ObjectHideFlags: 0
  m_CorrespondingSourceObject: {fileID: 0}
  m_PrefabInstance: {fileID: 0}
  m_PrefabAsset: {fileID: 0}
  m_GameObject: {fileID: 8677580854645559642}
  m_LocalRotation: {x: -0.18301275, y: -0.6830127, z: -0.6830127, w: 0.18301275}
  m_LocalPosition: {x: 4.3, y: 14.7, z: -158.9}
  m_LocalScale: {x: 1, y: 1, z: 1}
  m_ConstrainProportionsScale: 0
  m_Children:
  - {fileID: 4413276737525541403}
  m_Father: {fileID: 0}
  m_RootOrder: 0
  m_LocalEulerAnglesHint: {x: -90, y: 0, z: 0}
